@Article{Harji_2013,
  author = {Harji, Ashif S. and Buhr, Peter A. and Brecht, Tim},
  journal = {ACM SIGOPS Operating Systems Review},
  number = {2},
  pages = {66--72},
  title = {{Our Troubles with Linux Kernel Upgrades and Why You Should Care}},
  volume = {47},
  year = {2013}
}

@Article{Joppa_2013,
  archivePrefix = {arXiv},
  arxivId = {arXiv:1210.0530v1},
  author = {Joppa, Lucas N and McInerny, Greg and Harper, Richard and Salido, Lara and Takeda, Kenji and O'Hara, Kenton and Gavaghan, David and Emmott, Stephen},
  doi = {10.1126/science.1231535},
  eprint = {arXiv:1210.0530v1},
  issn = {1095-9203},
  journal = {Science (New York, N.Y.)},
  mendeley-groups = {Future of Science},
  month = may,
  number = {6134},
  pages = {814--815},
  pmid = {23687031},
  title = {{Troubling Trends in Scientific Software Use.}},
  url = {http://www.ncbi.nlm.nih.gov/pubmed/23687031},
  volume = {340},
  year = {2013}
}



@TechReport{Collberg_2014,
  author = {Collberg, Christian and Proebsting, Todd and Moraila, Gina and Shankaran, Akash and Shi, Zuoming and Warren, Alex M},
  pages = {1--37},
  title = {{Measuring Reproducibility in Computer Systems Research}},
  url = {http://reproducibility.cs.arizona.edu/},
  year = {2014}
}


@InProceedings{Eide_2010,
  author = {Eide, Eric},
  booktitle = {Archive '10, the NSF Workshop on Archiving Experiments to Raise Scientific Standards},
  number = {May},
  title = {{Toward Replayable Research in Networking and Systems}},
  url = {http://www.cs.utah.edu/flux/papers/replayable-archive10-base.html},
  year = {2010}
}



@Misc{The_Economist_2013,
  author = {{The Economist}},
  url = {http://www.economist.com/news/leaders/21588069-scientific-research-has-changed-world-now-it-needs-change-itself-how-science-goes-wrong},
  title = {How science goes wrong},
  journal = {The Economist},
  howpublished = {\url{http://www.economist.com/news/leaders/21588069-scientific-research-has-changed-world-now-it-needs-change-itself-how-science-goes-wrong}},
  year = {2013},
}

@Article{Hull_2006,
  doi = {10.1093/nar/gkl320},
  url = {http://dx.doi.org/10.1093/nar/gkl320},
  year = {2006},
  month = {jul},
  publisher = {Oxford University Press ($\lbrace$OUP$\rbrace$)},
  volume = {34},
  number = {Web Server},
  pages = {W729--W732},
  author = {D. Hull and K. Wolstencroft and R. Stevens and C. Goble and M. R. Pocock and P. Li and T. Oinn},
  title = {Taverna: a tool for building and running workflows of services},
  journal = {Nucleic Acids Research},
}

@Article{Peng_2011,
  doi = {10.1126/science.1213847},
  url = {http://dx.doi.org/10.1126/science.1213847},
  year = {2011},
  month = {dec},
  publisher = {American Association for the Advancement of Science ($\lbrace$AAAS$\rbrace$)},
  volume = {334},
  number = {6060},
  pages = {1226--1227},
  author = {R. D. Peng},
  title = {Reproducible Research in Computational Science},
  journal = {Science},
}


@Article{Clark_2014,
  author = {Clark, Dav and Culich, Aaron and Hamlin, Brian and Lovett, Ryan},
  journal = {Proceedings of the 13th Python in Science Conference (SciPy 2014)},
  title = {{BCE: Berkeley's Common Scientific Compute Environment for Research and Education}},
  year = {2014},
  url = {https://berkeley.app.box.com/s/w424gdjot3tgksidyyfl},
}


@Article{Stodden_2014,
  doi = {10.3233/SJI-140818},
  author = {Stodden, Victoria},
  url = {http://doi.org/10.3233/SJI-140818},
  title = {The reproducible research movement in statistics},
  journal = {Statistical Journal of the IAOS: Journal of the International Association for Official Statistics},
  volume = {30}, 
  number ={2},
  publisher = {IOS Press},
  year = {2014},
}

@Article{Stodden_2013,
  author = {Stodden, V and Bailey, D H and Borwein, J and Leveque, R J and Rider, W and Stein, W},
  keywords = {reproducible-research},
  mendeley-tags = {reproducible-research},
  pages = {1--19},
  title = {{Setting the Default to Reproducible}},
  year = {2013},
  url = {http://www.davidhbailey.com/dhbpapers/icerm-report.pdf},
}


@Article{Ince_2012,
  doi = {10.1038/nature10836},
  url = {http://dx.doi.org/10.1038/nature10836},
  year = {2012},
  month = {feb},
  publisher = {Nature Publishing Group},
  volume = {482},
  number = {7386},
  pages = {485--488},
  author = {Darrel C. Ince and Leslie Hatton and John Graham-Cumming},
  title = {The case for open computer programs},
  journal = {Nature},
}

@InProceedings{Altintas_2004,
  doi = {10.1109/ssdm.2004.1311241},
  url = {http://dx.doi.org/10.1109/SSDM.2004.1311241},
  year = {2004},
  publisher = {IEEE},
  author = {I. Altintas and C. Berkley and E. Jaeger and M. Jones and B. Ludascher and S. Mock},
  title = {Kepler: an extensible system for design and execution of scientific workflows},
  booktitle = {Proceedings. 16th International Conference on Scientific and Statistical Database Management, 2004.},
}

@Article{Gilbert_2012,
  doi = {10.1111/j.1365-294x.2012.05754.x},
  url = {http://dx.doi.org/10.1111/j.1365-294X.2012.05754.x},
  year = {2012},
  month = {sep},
  publisher = {Wiley-Blackwell},
  volume = {21},
  number = {20},
  pages = {4925--4930},
  author = {Kimberly J. Gilbert and Rose L. Andrew and Dan G. Bock and Michelle T. Franklin and Nolan C. Kane and Jean-S{\a'e}bastien Moore and Brook T. Moyers and S{\a'e}bastien Renaut and Diana J. Rennison and Thor Veen and Timothy H. Vines},
  title = { Recommendations for utilizing and reporting population genetic analyses: the reproducibility of genetic clustering using the program structure },
  journal = {Mol Ecol},
}

@Misc{Ooms_2014,
  url = {http://arxiv.org/abs/1406.4806},
  title = {The OpenCPU System: Towards a Universal Interface for Scientific Computing through Separation of Concerns},
  journal = {arXiv.org},
  year = {2014},
  howpublished = {\url{http://arxiv.org/abs/1406.4806}},
  author = {Jeroen Ooms},
}

@Article{Barnes_2010,
  doi = {10.1038/467753a},
  url = {http://dx.doi.org/10.1038/467753a},
  year = {2010},
  month = {oct},
  publisher = {Nature Publishing Group},
  volume = {467},
  number = {7317},
  pages = {753--753},
  author = {Nick Barnes},
  title = {Publish your computer code: it is good enough},
  journal = {Nature},
}

@Misc{Krishnamurthi_2014,
  url = {http://cs.brown.edu/~sk/Memos/Examining-Reproducibility/},
  title = {Examining Reproducibility in Computer Science},
  howpublished = {\url{http://cs.brown.edu/~sk/Memos/Examining-Reproducibility/}},
  year = {2014},
}

@Article{Nature_2012,
  doi = {10.1038/483509a},
  url = {http://dx.doi.org/10.1038/483509a},
  year = {2012},
  month = {mar},
  publisher = {Nature Publishing Group},
  volume = {483},
  number = {7391},
  pages = {509--509},
  title = {Must try harder},
  journal = {Nature},
  author = {{Nature Editors}},
}

@Article{Howe_2012,
  doi = {10.1109/mcse.2012.62},
  url = {http://dx.doi.org/10.1109/MCSE.2012.62},
  year = {2012},
  month = {jul},
  publisher = {Institute of Electrical {\&} Electronics Engineers ($\lbrace$IEEE$\rbrace$)},
  volume = {14},
  number = {4},
  pages = {36--41},
  author = {Bill Howe},
  title = {Virtual Appliances, Cloud Computing, and Reproducible Research},
  journal = {Computing in Science {\&} Engineering},
}

@Article{Garijo_2013,
  doi = {10.1371/journal.pone.0080278},
  url = {http://dx.doi.org/10.1371/journal.pone.0080278},
  year = {2013},
  month = {nov},
  publisher = {Public Library of Science ($\lbrace$PLoS$\rbrace$)},
  volume = {8},
  number = {11},
  pages = {e80278},
  author = {Daniel Garijo and Sarah Kinnings and Li Xie and Lei Xie and Yinliang Zhang and Philip E. Bourne and Yolanda Gil},
  editor = {Christos A. Ouzounis},
  title = {Quantifying Reproducibility in Computational Biology: The Case of the Tuberculosis Drugome},
  journal = {$\lbrace$PLoS$\rbrace$ $\lbrace$ONE$\rbrace$},
}

@Article{Merali_2010,
  doi = {10.1038/467775a},
  url = {http://dx.doi.org/10.1038/467775a},
  year = {2010},
  month = {oct},
  publisher = {Nature Publishing Group},
  volume = {467},
  number = {7317},
  pages = {775--777},
  author = {Zeeya Merali},
  title = {Computational science: ...Error},
  journal = {Nature},
}

@Article{Stodden_2010,
  doi = {10.2139/ssrn.1550193},
  url = {http://dx.doi.org/10.2139/ssrn.1550193},
  publisher = {Social Science Electronic Publishing},
  author = {Victoria Stodden},
  title = {The Scientific Method in Practice: Reproducibility in the Computational Sciences},
  journal = {SSRN Journal},
  year = {2010},
}

@Article{van_der_Meulen_2008,
  doi = {10.1109/tse.2008.70},
  url = {http://dx.doi.org/10.1109/TSE.2008.70},
  year = {2008},
  month = {nov},
  publisher = {Institute of Electrical {\&} Electronics Engineers ($\lbrace$IEEE$\rbrace$)},
  volume = {34},
  number = {6},
  pages = {753--764},
  author = {M.J.P. {van der Meulen} and M.A. Revilla},
  title = {The Effectiveness of Software Diversity in a Large Population of Programs},
  journal = {IEEE Trans. Software Eng.},
}

@Misc{Watson_2012,
  url = {https://twitter.com/BioMickWatson/status/265037994526928896},
  title = {{Mick Watson on Twitter: @ewanbirney @pathogenomenick @ctitusbrown you can't install an image for every pipeline you want...}},
  howpublished = {\url{https://twitter.com/BioMickWatson/status/265037994526928896}},
  year = {2012},
}

@Article{Gil_2007,
  doi = {10.1109/mc.2007.421},
  url = {http://dx.doi.org/10.1109/MC.2007.421},
  publisher = {Institute of Electrical {\&} Electronics Engineers ($\lbrace$IEEE$\rbrace$)},
  volume = {40},
  number = {12},
  pages = {24--32},
  author = {Yolanda Gil and Ewa Deelman and Mark Ellisman and Thomas Fahringer and Geoffrey Fox and Dennis Gannon and Carole Goble and Miron Livny and Luc Moreau and Jim Myers},
  title = {Examining the Challenges of Scientific Workflows},
  journal = {Computer},
  year = {2007},
}

@Misc{Ooms_2013,
  url = {http://arxiv.org/abs/1303.2140v2},
  title = {Possible Directions for Improving Dependency Versioning in R},
  journal = {arXiv.org},
  year = {2013},
  howpublished = {\url{http://arxiv.org/abs/1303.2140v2}},
  author = {Jeroen Ooms},
}




@Article{Dudley_2010,
  doi = {10.1038/nbt1110-1181},
  url = {http://dx.doi.org/10.1038/nbt1110-1181},
  year = {2010},
  month = {nov},
  publisher = {Nature Publishing Group},
  volume = {28},
  number = {11},
  pages = {1181--1185},
  author = {Joel T Dudley and Atul J Butte},
  title = {In silico research in the era of cloud computing},
  journal = {Nat Biotechnol},
}

@Article{Vandewalle_2009,
  doi = {10.1109/msp.2009.932122},
  url = {http://dx.doi.org/10.1109/MSP.2009.932122},
  year = {2009},
  month = {may},
  publisher = {Institute of Electrical {\&} Electronics Engineers ($\lbrace$IEEE$\rbrace$)},
  volume = {26},
  number = {3},
  pages = {37--47},
  author = {Patrick Vandewalle and Jelena Kovacevic and Martin Vetterli},
  title = {Reproducible research in signal processing},
  journal = {$\lbrace$IEEE$\rbrace$ Signal Process. Mag.},
}

@Misc{FitzJohn_2014,
  url = {http://ropensci.org/blog/2014/06/09/reproducibility/},
  title = {Reproducible research is still a challenge},
  howpublished = {\url{http://ropensci.org/blog/2014/06/09/reproducibility/}},
  author = {Rich FitzJohn and Matt Pennell and Amy Zanne and Will Cornwell},
  year = {2014},
}

@Misc{Lapp_2014,
  url = {https://storify.com/hlapp/reproducibility-repeatability-bigthink},
  canonicaluri = {\url{http://storify.com/hlapp/reproducibility-repeatability-bigthink}},
  title = {Reproducibility / Repeatability BigThink (with tweets) @hlapp},
  journal = {Storify},
  howpublished = {\url{http://storify.com/hlapp/reproducibility-repeatability-bigthink}},
  author = {{Lapp, Hilmar}},
  year = {2014},
}

@Book{Xie_2013,
  title = {Dynamic Documents with {R} and knitr},
  author = {Yihui Xie},
  publisher = {Chapman and Hall/CRC},
  address = {Boca Raton, Florida},
  year = {2013},
  note = {ISBN 978-1482203530},
  url = {http://yihui.name/knitr/},
}


@incollection{Leisch_2002,
  address = {Heidelberg},
  author = {Leisch, Friedrich},
  booktitle = {Compstat},
  doi = {10.1007/978-3-642-57489-4},
  editor = {H\"{a}rdle, Wolfgang and R\"{o}nz, Bernd},
  isbn = {978-3-7908-1517-7},
  keywords = {reproducible-research},
  mendeley-groups = {Future of Science},
  mendeley-tags = {reproducible-research},
  publisher = {Physica-Verlag HD},
  title = {{Sweave: Dynamic Generation of Statistical Reports Using Literate Data Analysis}},
  url = {http://link.springer.com/10.1007/978-3-642-57489-4},
  year = {2002}
}

