@Misc{greycite17934,
  url = {http://www.economist.com/news/leaders/21588069-scientific-research-has-changed-world-now-it-needs-change-itself-how-science-goes-wrong},
  title = {How science goes wrong},
  journal = {The Economist},
  howpublished = {\url{http://www.economist.com/news/leaders/21588069-scientific-research-has-changed-world-now-it-needs-change-itself-how-science-goes-wrong}},
  archived = {http://greycite.knowledgeblog.org/?uri=http%3A%2F%2Fwww.economist.com%2Fnews%2Fleaders%2F21588069-scientific-research-has-changed-world-now-it-needs-change-itself-how-science-goes-wrong},
  year = {2014},
}

@Article{Hull_2006,
  doi = {10.1093/nar/gkl320},
  url = {http://dx.doi.org/10.1093/nar/gkl320},
  year = {2006},
  month = {jul},
  publisher = {Oxford University Press ($\lbrace$OUP$\rbrace$)},
  volume = {34},
  number = {Web Server},
  pages = {W729--W732},
  author = {D. Hull and K. Wolstencroft and R. Stevens and C. Goble and M. R. Pocock and P. Li and T. Oinn},
  title = {Taverna: a tool for building and running workflows of services},
  journal = {Nucleic Acids Research},
}

@Article{Peng_2011,
  doi = {10.1126/science.1213847},
  url = {http://dx.doi.org/10.1126/science.1213847},
  year = {2011},
  month = {dec},
  publisher = {American Association for the Advancement of Science ($\lbrace$AAAS$\rbrace$)},
  volume = {334},
  number = {6060},
  pages = {1226--1227},
  author = {R. D. Peng},
  title = {Reproducible Research in Computational Science},
  journal = {Science},
}

@Misc{greycite17932,
  url = {https://berkeley.app.box.com/s/w424gdjot3tgksidyyfl},
  title = {clark\_etal\_scipy\_2014.pdf},
  journal = {@boxhq},
  howpublished = {\url{https://berkeley.app.box.com/s/w424gdjot3tgksidyyfl}},
  archived = {http://greycite.knowledgeblog.org/?uri=https%3A%2F%2Fberkeley.app.box.com%2Fs%2Fw424gdjot3tgksidyyfl},
  year = {2014},
}

@Misc{greycite17936,
  url = {http://doi.org/10.3233/SJI-140818},
  title = {
	The reproducible research movement in statistics - Statistical Journal of the IAOS: Journal of the International Association for Official Statistics - Volume 30, Number 2 /  2014 - IOS Press
},
  howpublished = {\url{http://doi.org/10.3233/SJI-140818}},
  archived = {http://greycite.knowledgeblog.org/?uri=http%3A%2F%2Fdoi.org%2F10.3233%2FSJI-140818},
  year = {2014},
}

@Misc{greycite17933,
  url = {http://www.davidhbailey.com/dhbpapers/icerm-report.pdf},
  archived = {http://greycite.knowledgeblog.org/?uri=http%3A%2F%2Fwww.davidhbailey.com%2Fdhbpapers%2Ficerm-report.pdf},
  year = {2014},
}

@Article{Ince_2012,
  doi = {10.1038/nature10836},
  url = {http://dx.doi.org/10.1038/nature10836},
  year = {2012},
  month = {feb},
  publisher = {Nature Publishing Group},
  volume = {482},
  number = {7386},
  pages = {485--488},
  author = {Darrel C. Ince and Leslie Hatton and John Graham-Cumming},
  title = {The case for open computer programs},
  journal = {Nature},
}

@InProceedings{Altintas_2004,
  doi = {10.1109/ssdm.2004.1311241},
  url = {http://dx.doi.org/10.1109/SSDM.2004.1311241},
  year = {2004},
  publisher = {$\lbrace$IEEE$\rbrace$},
  author = {I. Altintas and C. Berkley and E. Jaeger and M. Jones and B. Ludascher and S. Mock},
  title = {Kepler: an extensible system for design and execution of scientific workflows},
  booktitle = {Proceedings. 16th International Conference on Scientific and Statistical Database Management, 2004.},
}

@Article{Gilbert_2012,
  doi = {10.1111/j.1365-294x.2012.05754.x},
  url = {http://dx.doi.org/10.1111/j.1365-294X.2012.05754.x},
  year = {2012},
  month = {sep},
  publisher = {Wiley-Blackwell},
  volume = {21},
  number = {20},
  pages = {4925--4930},
  author = {Kimberly J. Gilbert and Rose L. Andrew and Dan G. Bock and Michelle T. Franklin and Nolan C. Kane and Jean-S{\a'e}bastien Moore and Brook T. Moyers and S{\a'e}bastien Renaut and Diana J. Rennison and Thor Veen and Timothy H. Vines},
  title = { Recommendations for utilizing and reporting population genetic analyses: the reproducibility of genetic clustering using the program structure },
  journal = {Mol Ecol},
}

@Misc{greycite17931,
  url = {http://arxiv.org/abs/1406.4806},
  title = {The OpenCPU System: Towards a Universal Interface for Scientific Computing through Separation of Concerns},
  journal = {arXiv.org},
  year = {2014},
  howpublished = {\url{http://arxiv.org/abs/1406.4806}},
  author = {Jeroen Ooms},
  archived = {http://greycite.knowledgeblog.org/?uri=http%3A%2F%2Farxiv.org%2Fabs%2F1406.4806, http://webcitation.org/query.php?url=http%3A%2F%2Farxiv.org%2Fabs%2F1406.4806, http://wayback.archive.org/web/http%3A%2F%2Farxiv.org%2Fabs%2F1406.4806},
}

@Article{Barnes_2010,
  doi = {10.1038/467753a},
  url = {http://dx.doi.org/10.1038/467753a},
  year = {2010},
  month = {oct},
  publisher = {Nature Publishing Group},
  volume = {467},
  number = {7317},
  pages = {753--753},
  author = {Nick Barnes},
  title = {Publish your computer code: it is good enough},
  journal = {Nature},
}

@Misc{greycite17929,
  url = {http://cs.brown.edu/~sk/Memos/Examining-Reproducibility/},
  title = {Examining Reproducibility in Computer Science},
  howpublished = {\url{http://cs.brown.edu/~sk/Memos/Examining-Reproducibility/}},
  archived = {http://greycite.knowledgeblog.org/?uri=http%3A%2F%2Fcs.brown.edu%2F%7Esk%2FMemos%2FExamining-Reproducibility%2F},
  year = {2014},
}

@Article{2012,
  doi = {10.1038/483509a},
  url = {http://dx.doi.org/10.1038/483509a},
  year = {2012},
  month = {mar},
  publisher = {Nature Publishing Group},
  volume = {483},
  number = {7391},
  pages = {509--509},
  title = {Must try harder},
  journal = {Nature},
}

@Article{Howe_2012,
  doi = {10.1109/mcse.2012.62},
  url = {http://dx.doi.org/10.1109/MCSE.2012.62},
  year = {2012},
  month = {jul},
  publisher = {Institute of Electrical {\&} Electronics Engineers ($\lbrace$IEEE$\rbrace$)},
  volume = {14},
  number = {4},
  pages = {36--41},
  author = {Bill Howe},
  title = {Virtual Appliances, Cloud Computing, and Reproducible Research},
  journal = {Computing in Science {\&} Engineering},
}

@Article{Garijo_2013,
  doi = {10.1371/journal.pone.0080278},
  url = {http://dx.doi.org/10.1371/journal.pone.0080278},
  year = {2013},
  month = {nov},
  publisher = {Public Library of Science ($\lbrace$PLoS$\rbrace$)},
  volume = {8},
  number = {11},
  pages = {e80278},
  author = {Daniel Garijo and Sarah Kinnings and Li Xie and Lei Xie and Yinliang Zhang and Philip E. Bourne and Yolanda Gil},
  editor = {Christos A. Ouzounis},
  title = {Quantifying Reproducibility in Computational Biology: The Case of the Tuberculosis Drugome},
  journal = {$\lbrace$PLoS$\rbrace$ $\lbrace$ONE$\rbrace$},
}

@Article{Merali_2010,
  doi = {10.1038/467775a},
  url = {http://dx.doi.org/10.1038/467775a},
  year = {2010},
  month = {oct},
  publisher = {Nature Publishing Group},
  volume = {467},
  number = {7317},
  pages = {775--777},
  author = {Zeeya Merali},
  title = {Computational science: ...Error},
  journal = {Nature},
}

@Article{Stodden,
  doi = {10.2139/ssrn.1550193},
  url = {http://dx.doi.org/10.2139/ssrn.1550193},
  publisher = {Social Science Electronic Publishing},
  author = {Victoria Stodden},
  title = {The Scientific Method in Practice: Reproducibility in the Computational Sciences},
  journal = {$\lbrace$SSRN$\rbrace$ Journal},
  year = {2014},
}

@Article{van_der_Meulen_2008,
  doi = {10.1109/tse.2008.70},
  url = {http://dx.doi.org/10.1109/TSE.2008.70},
  year = {2008},
  month = {nov},
  publisher = {Institute of Electrical {\&} Electronics Engineers ($\lbrace$IEEE$\rbrace$)},
  volume = {34},
  number = {6},
  pages = {753--764},
  author = {M.J.P. {van der Meulen} and M.A. Revilla},
  title = {The Effectiveness of Software Diversity in a Large Population of Programs},
  journal = {$\lbrace$IIEEE$\rbrace$ Trans. Software Eng.},
}

@Misc{greycite17935,
  url = {https://twitter.com/BioMickWatson/status/265037994526928896},
  title = {Mick Watson on Twitter: @ewanbirney @pathogenomenick @ctitusbrown you can't install an image for every pipeline you want...},
  howpublished = {\url{https://twitter.com/BioMickWatson/status/265037994526928896}},
  archived = {http://greycite.knowledgeblog.org/?uri=https%3A%2F%2Ftwitter.com%2FBioMickWatson%2Fstatus%2F265037994526928896},
  year = {2014},
}

@Article{Gil,
  doi = {10.1109/mc.2007.421},
  url = {http://dx.doi.org/10.1109/MC.2007.421},
  publisher = {Institute of Electrical {\&} Electronics Engineers ($\lbrace$IEEE$\rbrace$)},
  volume = {40},
  number = {12},
  pages = {24--32},
  author = {Yolanda Gil and Ewa Deelman and Mark Ellisman and Thomas Fahringer and Geoffrey Fox and Dennis Gannon and Carole Goble and Miron Livny and Luc Moreau and Jim Myers},
  title = {Examining the Challenges of Scientific Workflows},
  journal = {Computer},
  year = {2014},
}

@Misc{greycite17930,
  url = {http://arxiv.org/abs/1303.2140v2},
  title = {Possible Directions for Improving Dependency Versioning in R},
  journal = {arXiv.org},
  year = {2013},
  howpublished = {\url{http://arxiv.org/abs/1303.2140v2}},
  author = {Jeroen Ooms},
  archived = {http://greycite.knowledgeblog.org/?uri=http%3A%2F%2Farxiv.org%2Fabs%2F1303.2140v2, http://webcitation.org/query.php?url=http%3A%2F%2Farxiv.org%2Fabs%2F1303.2140v2, http://wayback.archive.org/web/http%3A%2F%2Farxiv.org%2Fabs%2F1303.2140v2},
}

@Misc{greycite17928,
  url = {http://reproducibility.cs.arizona.edu/v1/tr.pdf},
  archived = {http://greycite.knowledgeblog.org/?uri=http%3A%2F%2Freproducibility.cs.arizona.edu%2Fv1%2Ftr.pdf},
  year = {2014},
}

@Article{Dudley_2010,
  doi = {10.1038/nbt1110-1181},
  url = {http://dx.doi.org/10.1038/nbt1110-1181},
  year = {2010},
  month = {nov},
  publisher = {Nature Publishing Group},
  volume = {28},
  number = {11},
  pages = {1181--1185},
  author = {Joel T Dudley and Atul J Butte},
  title = {In silico research in the era of cloud computing},
  journal = {Nat Biotechnol},
}

@Article{Vandewalle_2009,
  doi = {10.1109/msp.2009.932122},
  url = {http://dx.doi.org/10.1109/MSP.2009.932122},
  year = {2009},
  month = {may},
  publisher = {Institute of Electrical {\&} Electronics Engineers ($\lbrace$IEEE$\rbrace$)},
  volume = {26},
  number = {3},
  pages = {37--47},
  author = {Patrick Vandewalle and Jelena Kovacevic and Martin Vetterli},
  title = {Reproducible research in signal processing},
  journal = {$\lbrace$IEEE$\rbrace$ Signal Process. Mag.},
}

@Misc{greycite17927,
  url = {https://storify.com/hlapp/reproducibility-repeatability-bigthink},
  canonicaluri = {\url{http://storify.com/hlapp/reproducibility-repeatability-bigthink}},
  title = {Reproducibility / Repeatability BigThink (with tweets) Â· hlapp},
  journal = {Storify},
  howpublished = {\url{http://storify.com/hlapp/reproducibility-repeatability-bigthink}},
  author = {{@hlapp}},
  archived = {http://greycite.knowledgeblog.org/?uri=https%3A%2F%2Fstorify.com%2Fhlapp%2Freproducibility-repeatability-bigthink},
  year = {2014},
}
